@book{phoible,
  address   = {Jena},
  editor    = {Steven Moran and Daniel McCloy},
  publisher = {Max Planck Institute for the Science of Human History},
  title     = {PHOIBLE 2.0},
  url       = {https://phoible.org/},
  year      = {2019}
}

@article{gallagher2014identity,
  title={{An identity bias in phonotactics: Evidence from Cochabamba Quechua}},
  author={Gallagher, Gillian},
  journal={Laboratory Phonology},
  volume={5},
  number={3},
  pages={337--378},
  year={2014},
  doi={10.1515/lp-2014-0012}
  
}


@article{bryant2007recognizing,
  title={Recognizing intentions in infant-directed speech: Evidence for universals},
  author={Bryant, Gregory A and Barrett, H Clark},
  journal={Psychological Science},
  volume={18},
  number={8},
  pages={746--751},
  year={2007},
  publisher={SAGE Publications Sage CA: Los Angeles, CA}
}


@article{cristia2020infant,
  title={Infant-directed input and literacy effects on phonological processing: Non-word repetition scores among the Tsimane'},
  author={Alejandrina Cristia and Gianmatteo Farabolini and Camila Scaff and Naomi Havron and Jonathan Stieglitz},
  journal={Preprint},
  volume={},
  number={},
  pages={},
  year={2020}
}

@article{hazan2000development,
  title={The development of phonemic categorization in children aged 6--12},
  author={Hazan, Valerie and Barrett, Sarah},
  journal={Journal of phonetics},
  volume={28},
  number={4},
  pages={377--396},
  year={2000},
  publisher={Elsevier}
}

@Article{balladares2016socio,
  author    = {Balladares, Jaime and Marshall, Chlo{\"e} and Griffiths, Yvonne},
  title     = {{Socio-economic status affects sentence repetition, but not non-word repetition, in Chilean preschoolers}},
  journal   = {{First Language}},
  year      = {2016},
  volume    = {36},
  number    = {3},
  pages     = {338--351},
  doi       = {10.1177/0142723715626067},

}

@Article{wilsenach2013phonological,
  author    = {Wilsenach, Carien},
  title     = {{Phonological skills as predictor of reading success: An investigation of emergent bilingual Northern Sotho/English learners}},
  journal   = {{Per Linguam: a Journal of Language Learning= Per Linguam: Tydskrif vir Taalaanleer}},
  year      = {2013},
  volume    = {29},
  number    = {2},
  pages     = {17--32},
  doi       = {10.5785/29-2-554}
}

@article{estes2007differences,
  title={Differences in the nonword repetition performance of children with and without specific language impairment: A meta-analysis},
  author={Estes, Katharine Graf and Evans, Julia L and Else-Quest, Nicole M},
  journal={Journal of Speech, Language, and Hearing Research},
  year={2007},
  volume={50},
  issue={1},
  pages={177-195},
  publisher={ASHA}
}

@article{jabere2018xperiment,
  title={Experiment in Non Word Repetition by Monolingual {A}rabic Preschoolers},
  author={Jaber-Awida, Amani},
  journal={Athens Journal of Philology},
  year={2018},
  volume={5},
  issue={4},
  pages={317-334},
  doi={10.30958/ajp.5-4-4}
}

@article{bowey2001nonword,
  title={Nonword repetition and young children's receptive vocabulary: A longitudinal study},
  author={Bowey, Judith A},
  journal={Applied Psycholinguistics},
  volume={22},
  number={3},
  pages={441--469},
  year={2001},
  publisher={Cambridge University Press}
}


@article{is08042009language,
  title={Language impairment in a multilingual society: Linguistic patterns and the road to assessment},
  author={COST Action},
  journal={Brussels: COST Office. Available online at: http://www. bi-sli. org},
  year={2009}
}

@article{meir2016disentangling,
  title={Disentangling SLI and bilingualism using sentence repetition tasks: The impact of L1 and L2 properties},
  author={Meir, Natalia and Walters, Joel and Armon-Lotem, Sharon},
  journal={International Journal of Bilingualism},
  volume={20},
  number={4},
  pages={421--452},
  year={2016},
  publisher={SAGE Publications Sage UK: London, England}
}

@article{brandeker2015language,
  title={Language exposure in bilingual toddlers: Performance on nonword repetition and lexical tasks},
  author={Brandeker, Myrto and Thordardottir, Elin},
  journal={American Journal of Speech-Language Pathology},
  volume={24},
  number={2},
  pages={126--138},
  year={2015},
  publisher={ASHA}
}

@article{torrington2015non,
  title={Non-word repetition in 2-year-olds: Replication of an adapted paradigm and a useful methodological extension},
  author={Torrington Eaton, Catherine and Newman, Rochelle S and Ratner, Nan Bernstein and Rowe, Meredith L},
  journal={Clinical linguistics \& phonetics},
  volume={29},
  number={7},
  pages={523--535},
  year={2015},
  publisher={Taylor \& Francis}
}

@Article{piazzalunga2019articulatory,
  author    = {Piazzalunga, Silvia and Previtali, Lisa and Pozzoli, Raffaella and Scarponi, Letizia and Schindler, Antonio},
  title     = {An articulatory-based disyllabic and trisyllabic Non-Word Repetition test: reliability and validity in Italian 3-to 7-year-old children},
  journal   = {Clinical linguistics \& phonetics},
  year      = {2019},
  volume    = {33},
  number    = {5},
  pages     = {437--456},
  publisher = {Taylor \& Francis},
}

@article{gallon2007non,
  title={Non-word repetition: an investigation of phonological complexity in children with Grammatical SLI},
  author={Gallon, Nichola and Harris, John and Van der Lely, Heather},
  journal={Clinical linguistics \& phonetics},
  volume={21},
  number={6},
  pages={435--455},
  year={2007},
  publisher={Taylor \& Francis}
}

@Article{vance2005speech,
  author    = {Vance, Maggie and Stackhouse, Joy and Wells, Bills},
  title     = {Speech-production skills in children aged 3--7 years},
  journal   = {International Journal of Language \& Communication Disorders},
  year      = {2005},
  volume    = {40},
  number    = {1},
  pages     = {29--48},
  publisher = {Wiley Online Library},
}

@Article{farmani2018normalization,
  author  = {Farmani, Hamidreza and Sayyahi, Fatemeh and Soleymani, Zahra and Labbaf, Fariba Zadeh and Talebi, Elnaz and Shourvazi, Zahra},
  title   = {Normalization of the Non-word Repetition Test in Farsi-speaking Children},
  journal = {Journal of Modern Rehabilitation},
  year    = {2018},
  volume  = {12},
  number  = {4},
  pages   = {217--224},
}


@Article{kalnak2014nonword,
  author    = {Kalnak, Nelli and Peyrard-Janvid, Myriam and Forssberg, Hans and Sahl{\'e}n, Birgitta},
  title     = {Nonword repetition--a clinical marker for specific language impairment in Swedish associated with parents' language-related problems},
  journal   = {PloS one},
  year      = {2014},
  volume    = {9},
  number    = {2},
  pages     = {e89544},
  publisher = {Public Library of Science},
}

@Article{meir2017independent,
  author    = {Meir, Natalia and Armon-Lotem, Sharon},
  title     = {Independent and combined effects of socioeconomic Status (SES) and bilingualism on children's vocabulary and verbal short-term memory},
  journal   = {Frontiers in psychology},
  year      = {2017},
  volume    = {8},
  pages     = {1442},
  publisher = {Frontiers},
}

@article{chiat2007preschool,
  title={The Preschool Repetition Test: An Evaluation of Performance in Typically Developing and Clinically Referred Children.},
  author={Chiat, Shula and Roy, Penny},
  journal={Journal of Speech, Language, and Hearing Research},
  volume={50},
  number={2},
  pages={429--443},
  year={2007},
  publisher={ERIC}
}

@article{havron2019effect,
  title={The effect of older siblings on language development as a function of age difference and sex},
  author={Havron, Naomi and Ramus, Franck and Heude, Barbara and Forhan, Anne and Cristia, Alejandrina and Peyre, Hugo and EDEN Mother-Child Cohort Study Group},
  journal={Psychological Science},
  volume={30},
  number={9},
  pages={1333--1343},
  year={2019},
  publisher={SAGE Publications Sage CA: Los Angeles, CA}
}